<?xml version="1.0" encoding="UTF-8"?><collection xmlns="http://www.loc.gov/MARC21/slim"><record><leader>00341nam--2200121-i-4500</leader><controlfield tag="001">000002639</controlfield><controlfield tag="002">20161230</controlfield><controlfield tag="005">20161230201025</controlfield><controlfield tag="008">060222s1000------------r-----000-0-eng-d</controlfield><datafield ind1=" " ind2=" " tag="100"><subfield code="a">Calthrop, J.E</subfield></datafield><datafield ind1=" " ind2=" " tag="245"><subfield code="a">Advanced experiments in practical physics. 2,nd ed 1952 revised by pryde</subfield></datafield><datafield ind1=" " ind2=" " tag="260"><subfield code="a">London,Heinemann,1952. Xvi + 142 P</subfield></datafield><datafield ind1=" " ind2=" " tag="852"><subfield code="a">10146</subfield></datafield></record></collection>